@Misc{IMS_prezentácia,
	author = {Martin Hrubý},
	title = {
		Seminář o projektech IMS
	},
	howpublished = {[online]},
	year = 2023,
	url = {http://perchta.fit.vutbr.cz/vyuka-ims/uploads/1/IMS-2023-seminar-o-projektech.pdf},
}
